@misc{kogan2008brief,
	title={Brief History of Electronic and Computer Musical Instruments},
	author={Kogan, Roman},
	year={2008},
	publisher={Citeseer}
}
@misc{automap,
	author = {{Novation DMS}},
	title = {SLMKII MIDI Programmer’s Reference}
}
@book{leider2004digital,
	title={Digital audio workstation},
	author={Leider, Colby N},
	year={2004},
	publisher={McGraw-Hill, Inc.}
}
@book{mansilla2018reactive,
	title={Reactive Programming with RxJS 5: Untangle Your Asynchronous JavaScript Code},
	author={Mansilla, Sergi},
	year={2018},
	publisher={Pragmatic Bookshelf}
}
@incollection{clow2018observers,
	title={Observers, Reactive Programming, and RxJS},
	author={Clow, Mark},
	booktitle={Angular 5 Projects},
	pages={291--307},
	year={2018},
	publisher={Springer}
}
@article{prasanna2009dependency,
	title={Dependency injection},
	author={Prasanna and R. Dhanji},
	year={2009},
	publisher={Manning Publications}
}
@article{reenskaug1979original,
	title={The original MVC reports},
	author={Reenskaug, Trygve Mikjel H},
	year={1979}
}
@article{ocp,
	title={The open-closed principle},
	author={Martin, Robert C},
	journal={More C++ gems},
	volume={19},
	number={96},
	pages={9},
	year={1996}
}
@article{nielsen-heuristics,
	title={10 usability heuristics for user interface design},
	author={Nielsen, Jakob},
	journal={Nielsen Norman Group},
	volume={1},
	number={1},
	year={1995}
}
@online{vstdoc,
	author = {Steinberg},
	title = {Virtual Studio Technology - Plug-In Specification 2.0 – Software Development Kit},
	url = {http://jvstwrapper.sourceforge.net/vst20spec.pdf},
	note = "[cit. 2019-11-17]"
}
@online{usbmidi,
	author = {Gal Ashour and Billy Brackenridge and Oren Tirosh and Mike Kent and Geert Knapen},
	title = {Universal Serial Bus Device Class Definition for MIDI Devices},
	url = {https://www.usb.org/sites/default/files/midi10.pdf},
	note = "[cit. 2019-11-17]"
}
@online{midi,
	author = {The MIDI Manufacturers Association},
	title = {The Complete MIDI 1.0 Detailed Specification},
	url= "https://www.midi.org/downloads?task=callelement&format=raw&item_id=92&element=f85c494b-2b32-4109-b8c1-083cca2b7db6&method=download",
	note = "[cit. 2019-11-17]"
}
@online{asio,
	author = {Steinberg},
	title = {Steinberg Audio Streaming Input Output Specification - Development Kit 2.2},
	url = "http://read.pudn.com/downloads119/sourcecode/multimedia/audio/506331/ASIOSDK2/ASIO\%20SDK\%202.2.pdf",
	note = "[cit. 2019-11-17]"
}
@online{osc,
	author = {Matt Wright},
	title = {The Open Sound Control 1.0 Specification},
	url = {http://opensoundcontrol.org/spec-1_0},
	year={2002},
	note = "[cit. 2019-11-17]"
}
@online{cqrs,
	author = {Greg Young},
	title = {CQRS Documents by Greg Young},
	url = {https://cqrs.files.wordpress.com/2010/11/cqrs_documents.pdf},
	year={2011},
	note = "[cit. 2019-11-17]"
}
@online{cqs,
	author = {Martin Fowler},
	title = {Command Query Separation},
	url = {https://martinfowler.com/bliki/CommandQuerySeparation.html},
	year={2005},
	note = "[cit. 2019-11-17]"
}
@online{libusb,
	title = {libusb-1.0 API Reference},
	url = {http://libusb.sourceforge.net/api-1.0/},
	note = "[cit. 2019-11-17]"
}

@online{flux,
	author = {{Facebook Inc.}},
	title = {Flux: In-Depth Overview},
	url = {https://facebook.github.io/flux/docs/in-depth-overview},
	year = {2019},
	note = "[cit. 2019-11-17]"
}

@online{state-normalization,
	author = {Dan Abramov and the Redux documentation authors},
	title = {Redux documentation: Normalizing State Shape},
	url = {https://redux.js.org/recipes/structuring-reducers/normalizing-state-shape},
	year = {2018},
	note = "[cit. 2019-11-17]"
}

@online{flux-cqrs,
	author = {Jack Hsu},
	title = {What the Flux? (On Flux, DDD, and CQRS)},
	url = {https://jaysoo.ca/2015/02/06/what-the-flux/},
	date = {2015},
	note = "[cit. 2019-11-17]"
}

@online{ng-modules,
	title = {Angular - Introduction to modules},
	url = {https://angular.io/guide/architecture-modules},
	note = "[cit. 2019-11-17]"
}
